@online{wiki:ml,
  author       = "Wikipedia",
  title        = "Машинное обучение",
  howpublished = "Википедия, свободная энциклопедия",
  year         = 2012,
  url          = {https://ru.wikipedia.org/wiki/Машинное_обучение},
  urldate      = "05.06.2019",
  language     = "russian"
}
@online{wiki:nn,
  author       = "Wikipedia",
  title        = "Нейронная сеть",
  howpublished = "Википедия, свободная энциклопедия",
  year         = 2011,
  url          = {https://ru.wikipedia.org/wiki/Искусственная_нейронная_сеть},
  urldate      = "05.06.2019",
  language     = "russian"
}
@online{site:acc,
  author       = "Koo Ping Shung",
  title        = "Accuracy, Precision, Recall or F1?",
  howpublished = "towardsdatascience",
  year         = 2016,
  url          = {https://towardsdatascience.com/accuracy-precision-recall-or-f1-331fb37c5cb9},
  urldate      = "10.06.2019",
  language     = "english"
}
@online{site:rule,
  author       = "Dr. B. S. Panda",
  title        = "Rule Based Classification",
  howpublished = "web.iitd.ac.in",
  year         = 2017,
  url          = {http://web.iitd.ac.in/~bspanda/rb.pdf},
  urldate      = "10.06.2019",
  language     = "english"
}